@InProceedings{Rocamora2015_Audio,
  author    = {Rocamora, Martín and Jure, Luis and Marenco, Bernardo and Fuentes, Magdalena and Lanzaro, Florencia and Gómez, Alvaro},
  booktitle = {Proceedings of the II Congreso Internacional de Ciencia y Tecnología Musical (CICTeM 2015)},
  title     = {An audio-visual database of candombe of performances for computational musicological studies},
  year      = {2015},
  address   = {Buenos Aires, Argentina},
  month     = sep,
  pages     = {17--24},
}

@InProceedings{Rocamora2015_Modeling,
  author    = {Rocamora, Martín and Biscainho, Luiz W. P.},
  booktitle = {Proceedings of the 20th Iberoamerican Congress on Pattern Recognition (CIARP 2015)},
  title     = {Modeling onset spectral features for discrimination of drum sounds},
  year      = {2015},
  address   = {Montevideo, Uruguay},
  editor    = {Pardo, Alvaro and Kittler, Josef},
  month     = nov,
  pages     = {100--107},
  publisher = {Springer International Publishing},
  doi       = {10.1007/978-3-319-25751-8_13},
  url       = {http://link.springer.com/chapter/10.1007/978-3-319-25751-8_13},
}

@InProceedings{Marenco2015_Multimodal,
  author    = {Marenco, Bernardo and Fuentes, Magdalena and Lanzaro, Florencia and Rocamora, Martín and Gómez, Alvaro},
  booktitle = {Proceedings of the 20th Iberoamerican Congress on Pattern Recognition (CIARP 2015)},
  title     = {A multimodal approach for percussion music transcription from audio and video},
  year      = {2015},
  address   = {Montevideo, Uruguay},
  editor    = {Pardo, Alvaro and Kittler, Josef},
  month     = nov,
  pages     = {92--99},
  publisher = {Springer International Publishing},
  url       = {http://link.springer.com/chapter/10.1007/978-3-319-25751-8_12},
}

@InProceedings{Nunes2015_Beat,
  author    = {Nunes, Leonardo and Rocamora, Martín and Jure, Luis and Biscainho, Luiz W. P.},
  booktitle = {Proceedings of the 16th International Society for Music Information Retrieval Conference (ISMIR 2015)},
  title     = {{Beat and downbeat tracking based on rhythmic patterns applied to the Uruguayan candombe drumming}},
  year      = {2015},
  address   = {Málaga, Spain},
  month     = oct,
  pages     = {246--270},
  url       = {http://ismir2015.uma.es/articles/95_Paper.pdf},
}

@InProceedings{Rocamora2014_Tools,
  author    = {Rocamora, Martín and Jure, Luis and Biscainho, Luiz W. P.},
  booktitle = {Proceedings of the 9th Conference on Interdisciplinary Musicology (CIM 2014)},
  title     = {Tools for detection and classification of piano drum patterns from candombe recordings},
  year      = {2014},
  address   = {Berlin, Germany},
  month     = dec,
  pages     = {382--387},
}

@InProceedings{Jure2016_Microtiming,
  author    = {Jure, Luis and Rocamora, Martín},
  booktitle = {Fourth International Conference on Analytical Approaches to World Music},
  title     = {{Microtiming in the rhythmic structure of Candombe drumming patterns}},
  year      = {2016},
  address   = {New York, USA},
  month     = jun,
}

@InProceedings{Jure2017_Clave,
  author    = {Jure, Luis and Rocamora, Martín},
  booktitle = {16th Rhythm Production and Perception Workshop},
  title     = {{Clave patterns in Uruguayan candombe drumming}},
  year      = {2017},
  address   = {Birmingham, UK},
  month     = jul,
}

@InCollection{Jure2013_Principios,
  author    = {Jure, Luis},
  booktitle = {{La música entre África y América}},
  publisher = {Centro Nacional de Documentación Musical Lauro Ayestarán},
  title     = {{Principios Generativos del Toque de Repique del Candombe}},
  year      = {2013},
  address   = {Montevideo, Uruguay},
  editor    = {{Coriún Aharonián}},
  isbn      = {978-9974-36-231-4},
  pages     = {263--291},
}

@InProceedings{Jure1992_Perico,
  author    = {Jure, Luis},
  booktitle = {VII Jornadas Argentinas de Musicología--VI Conferencia Anual de la Asociación Argentina de Musicología},
  title     = {{¡`Perico, suba ahí!' Pautación y análisis de un solo de repique de Pedro `Perico' Gularte}},
  year      = {1992},
  address   = {Córdoba, Argentina},
  month     = oct,
}

@InProceedings{Jure1992_Cortes,
  author    = {Jure, Luis and Picún, Olga},
  booktitle = {VII Jornadas Argentinas de Musicología--VI Conferencia Anual de la Asociación Argentina de Musicología},
  title     = {{Los cortes de los tambores -- Aspectos musicales y funcionales de las paradas en las llamadas de tambores afro-montevideanos}},
  year      = {1992},
  address   = {Córdoba, Argentina},
  month     = oct,
}

@InProceedings{Jure2017_Timeline,
  author    = {Jure, Luis},
  booktitle = {44\textsuperscript{th} ICTM World Conference},
  title     = {{Timeline Patterns in Uruguayan Candombe drumming}},
  year      = {2017},
  address   = {Limerick, Ireland},
  month     = jul,
}

@InProceedings{Jure2018_Subir,
  author    = {Jure, Luis and Rocamora, Martín},
  booktitle = {Eigth International Workshop on Folk Music Analysis},
  title     = {{Subir la llamada: negotiating tempo and dynamics in Uruguayan Candombe drumming}},
  year      = {2018},
  address   = {Thessaloniki, Greece},
}

@Misc{Jure2020_IEMP,
  author       = {Jure, Luis and Rocamora, Martín and Tarsitani, Simone and Clayton, Martin},
  howpublished = {\url{https://osf.io/kzpvy/}},
  title        = {{IEMP Uruguayan Candombe Dataset}},
  year         = {2020},
  doi          = {10.17605/OSF.IO/WFX7K},
  url          = {https://osf.io/wfx7k/},
}

@InProceedings{Jure2018_Improvisation,
  author     = {Jure, Luis},
  booktitle  = {Fifth International Conference on Analytical Approaches to World Music},
  title      = {{Improvisation techniques of the repique drum in Uruguayan Candombe drumming}},
  year       = {2018},
  address    = {Thessaloniki, Greece},
  month      = jun,
  day        = {26-29},
  eventtitle = {Fifth International Conference on Analytical Approaches to World Music},
}

@Misc{Jure1995_CSICa,
  author       = {Jure, Luis},
  howpublished = {DVD, 20 min.},
  note         = {Material del proyecto ``Iniciación a la documentación y análisis del candombe afro–montevideano'' financiado por la CSIC. Inédito.},
  title        = {{Los Tambores -- Tres llamadas}},
  year         = {1995},
}

@Misc{Jure1995_CSICb,
  author       = {Jure, Luis},
  howpublished = {CD, 72 min.},
  note         = {Material del proyecto ``Iniciación a la documentación y análisis del candombe afro–montevideano'' financiado por la CSIC. Inédito.},
  title        = {Tambores},
  year         = {1995},
}

@InProceedings{Jure2020_Tempo,
  author    = {Jure, Luis and Rocamora, Martín},
  booktitle = {Analytical Approaches to World Music},
  title     = {{Tempo, Micro–tempo and Dynamics in Uruguayan Candombe Drumming}},
  year      = {2020},
}

@Article{Clayton2021_IEMP,
  author    = {Clayton, Martin and Tarsitani, Simone and Eerola, Tuomas and Jakubowski, Kelly and Leante, Laura and Jankowsky, Richard and Jure, Luis and Rocamora, Martín and Polak, Rainer and Jacoby, Nori and Poole, Adrian and Camurri, Antonio},
  journal   = {Empirical Musicology Review},
  title     = {{The Interpersonal Entrainment in Music Performance Data Collection}},
  year      = {2021},
  month     = {dec},
  number    = {1},
  pages     = {65--84},
  volume    = {16},
  doi       = {10.18061/emr.v16i1.7555},
  publisher = {The Ohio State University Libraries},
  url       = {https://doi.org/10.18061%2Femr.v16i1.7555},
}

@Article{Jacoby2021_Universality,
  author    = {Nori Jacoby and Rainer Polak and Jessica A. Grahn and Daniel J. Cameron and Kyung Myun Lee and Ricardo Godoy and Eduardo A. Undurraga and Tomás Huanca and Timon Thalwitzer and Noumouké Doumbia and Daniel Goldberg and Elizabeth Margulis and Patrick C. M. Wong and Luis Jure and Martín Rocamora and Shinya Fujii and Patrick E. Savage and Jun Ajimi and Rei Konno and Sho Oishi and Kelly Jakubowski and Andre Holzapfel and Esra Mungan and Ece Kaya and Preeti Rao and Mattur Ananthanarayana Rohit and Suvarna Alladi and Bronwyn Tarr and Manuel Anglada Tort and Peter M. C. Harrison and Malinda J. McPherson and Sophie Dolan and Alex Durango and Josh H. McDermott},
  title     = {Universality and cross-cultural variation in mental representations of music revealed by global comparison of rhythm priors},
  year      = {2021},
  month     = {Jul},
  doi       = {10.31234/osf.io/b879v},
  publisher = {PsyArXiv},
  url       = {psyarxiv.com/b879v},
}

@Article{Jakubowski2022_Aesthetics,
  author  = {Jakubowski, Kelly and Rainer Polak and Martín Rocamora and Luis Jure and Nori Jacoby},
  journal = {Cognition},
  title   = {{Aesthetics of Musical Timing: Culture and Expertise Affect Preferences for Isochrony but not Synchrony}},
  year    = {2022},
  comment = {Forthcoming.},
}

@inproceedings{Fuentes2019_Tracking,
  author    = {Fuentes, Magdalena and Maia, Lucas Simões and Rocamora, Martín and Biscainho, Luiz W. P. and Crayencour, Helene C. and Essid, Slim and Bello, Juan P.},
  booktitle = {ISMIR 2019 : 20th Conference of the International Society for Music Information Retrieval, Delft, Netherlands, 4-8 nov},
  year      = {2019},
  pages     = {1--8},
  title     = {Tracking beats and microtiming in afro-latin american music using conditional random fields and deep learning},
}

@PhdThesis{Rocamora2018_Computational,
  author  = {Rocamora, Martín},
  school  = {Universidad de la República},
  title   = {Computational methods for percussion music analysis: The Afro-Uruguayan Candombe drumming as a case study},
  year    = {2018},
  address = {Montevideo, Uruguay},
}

@InProceedings{MRBF22,
  author       = "Maia, Lucas Simões and Rocamora, Martín and Biscainho, Luiz W. P. and Fuentes, Magdalena",
  title        = "Adapting meter tracking models to Latin American music",
  booktitle    = "Proceedings of the 23rd International Society for Music Information Retrieval Conference, ISMIR, Bengaluru, India, 4-8 dec",
  pages        = "361--368",
  year         = "2022",
  publisher    = "ISMIR",
  url          = "https://iie.fing.edu.uy//publicaciones/2022/MRBF22"
}

@Article{RCB19,
  author       = "Rocamora, Martín and Cancela, Pablo and Biscainho, Luiz W. P.",
  title        = "Information theory concepts applied to the analysis of rhythm in recorded music with recurrent rhythmic patterns",
  journal      = "Journal of the AES",
  number       = "4",
  volume       = "67",
  pages        = "160--173",
  month        = "apr",
  year         = "2019",
  url          = "https://iie.fing.edu.uy/publicaciones/2019/RCB19"
}

@InProceedings{MR18,
  author       = "Marenco, Bernardo and Rocamora, Martín",
  title        = "Reconocimiento de patrones rítmicos en música de percusión a partir de señales de audio",
  booktitle    = "AES LAC 2018 - Congreso Latinoamericano de Ingeniería de Audio, Montevideo, Uruguay",
  pages        = "1--3",
  year         = "2018",
  url          = "https://iie.fing.edu.uy/publicaciones/2018/MR18"
}


